@article{Felzenszwalb2004,
  acmid = {981796},
  added-at = {2013-07-22T23:17:45.000+0200},
  address = {Hingham, MA, USA},
  author = {Felzenszwalb, Pedro F. and Huttenlocher, Daniel P.},
  biburl = {https://www.bibsonomy.org/bibtex/225a49b4d58f44d9e8f7ed5b66fc42094/lantiq},
  file = {full paper:Felzenszwalb2004.pdf:PDF},
  groups = {public},
  interhash = {62ccbd882c9aaabeb67a2ce83f1cf5f6},
  intrahash = {25a49b4d58f44d9e8f7ed5b66fc42094},
  issue_date = {September 2004},
  journal = {International Journal of Computer Vision},
  keywords = {graph clustering image},
  number = 2,
  numpages = {15},
  pages = {167-181},
  publisher = {Kluwer Academic Publishers},
  timestamp = {2013-07-22T23:17:45.000+0200},
  title = {Efficient Graph-Based Image Segmentation},
  username = {lantiq},
  volume = 59,
  year = 2004
}

@article{boykov:06,
    author = {Yuri Boykov and Gareth Funka-Lea},
    title = {Graph Cuts and Efficient N-D Image Segmentation},
    journal = {International Journal of Computer Vision},
    year = {2006},
    volume = 70,
    number = 2,
    pages = {109-131}
}